@book{zill2012algebra,
  title={Algebra, trigonometria y geometria analitica.},
  author={Zill, Dennis G and Dewar, Jacqueline M},
  year={2012},
  publisher={McGraw Hill}
}
@book{lind2005estadistica,
  title={Estad{\'\i}stica aplicada a los negocios y la econom{\'\i}a},
  author={Lind, Douglas A and Marchal, William G and Wathen, Samuel A},
  year={2005},
  publisher={McGraw-Hill,}
}
@article{gutierrez2012probabilidad,
  title={Probabilidad y estadística: Enfoque por competencias.},
  author={Gutierrez Banegas, AL and Leon, Sabaria and others},
  year={2012},
  publisher={McGraw-Hill}
}
@article{swokowski1996algebra,
  title={{\'A}lgebra y trigonometr{\'\i}a},
  author={Swokowski, Earl and COLE, Jeffery},
  journal={Grupo Editorial Iberoam{\'e}rica. M{\'e}xico},
  year={1996}
}
@book{martinez2012estadistica,
  title={Estadística y muestreo-13ra Edición},
  author={Martínez, Ciro},
  year={2012},
  publisher={Ecoe ediciones}
}
@book{lind2012estadistica,
  title={Estadística aplicada a los negocios y la economía},
  author={Lind, Douglas A and Marchal, William G and Wathen, Samuel A and Obón León, María del Pilar and León Cárdenas, Javier},
  year={2012},
  publisher={M{\'e}xico: McGraw-Hill/Interamericana Editores.}
}
@article{swokowski1996algebra,
  title={{\'A}lgebra y trigonometr{\'\i}a},
  author={Swokowski, Earl and COLE, Jeffery},
  journal={Grupo Editorial Iberoam{\'e}rica. M{\'e}xico},
  year={1996}
}